%YAML 1.1
%TAG !u! tag:unity3d.com,2011:
--- !u!1 &1644011467520525459
GameObject:
  m_ObjectHideFlags: 0
  m_CorrespondingSourceObject: {fileID: 0}
  m_PrefabInstance: {fileID: 0}
  m_PrefabAsset: {fileID: 0}
  serializedVersion: 6
  m_Component:
  - component: {fileID: 4765752050050626330}
  m_Layer: 0
  m_Name: BookPack_02
  m_TagString: Untagged
  m_Icon: {fileID: 0}
  m_NavMeshLayer: 0
  m_StaticEditorFlags: 0
  m_IsActive: 1
--- !u!4 &4765752050050626330
Transform:
  m_ObjectHideFlags: 0
  m_CorrespondingSourceObject: {fileID: 0}
  m_PrefabInstance: {fileID: 0}
  m_PrefabAsset: {fileID: 0}
  m_GameObject: {fileID: 1644011467520525459}
  m_LocalRotation: {x: -0.71902305, y: -0.004287957, z: -0.69495887, w: 0.0044361656}
  m_LocalPosition: {x: 2.5053806, y: 1.11, z: 2.168}
  m_LocalScale: {x: 0.658, y: 0.74542, z: 1}
  m_Children:
  - {fileID: 5742194017810879829}
  - {fileID: 5742194019068209514}
  - {fileID: 5742194018493424784}
  - {fileID: 5742194017592165668}
  - {fileID: 5742194018881967021}
  m_Father: {fileID: 0}
  m_RootOrder: 0
  m_LocalEulerAnglesHint: {x: -179.293, y: -88.04999, z: -0.000015258789}
--- !u!1001 &5742194017592041380
PrefabInstance:
  m_ObjectHideFlags: 0
  serializedVersion: 2
  m_Modification:
    m_TransformParent: {fileID: 4765752050050626330}
    m_Modifications:
    - target: {fileID: 100000, guid: 73af7bc824cfc754994d51cf29bca826, type: 3}
      propertyPath: m_Name
      value: SM_BillyBook_05
      objectReference: {fileID: 0}
    - target: {fileID: 100000, guid: 73af7bc824cfc754994d51cf29bca826, type: 3}
      propertyPath: m_StaticEditorFlags
      value: 4294967295
      objectReference: {fileID: 0}
    - target: {fileID: 400000, guid: 73af7bc824cfc754994d51cf29bca826, type: 3}
      propertyPath: m_LocalPosition.x
      value: 0.014717254
      objectReference: {fileID: 0}
    - target: {fileID: 400000, guid: 73af7bc824cfc754994d51cf29bca826, type: 3}
      propertyPath: m_LocalPosition.y
      value: -0.13198397
      objectReference: {fileID: 0}
    - target: {fileID: 400000, guid: 73af7bc824cfc754994d51cf29bca826, type: 3}
      propertyPath: m_LocalPosition.z
      value: 0.050537083
      objectReference: {fileID: 0}
    - target: {fileID: 400000, guid: 73af7bc824cfc754994d51cf29bca826, type: 3}
      propertyPath: m_LocalRotation.x
      value: -0
      objectReference: {fileID: 0}
    - target: {fileID: 400000, guid: 73af7bc824cfc754994d51cf29bca826, type: 3}
      propertyPath: m_LocalRotation.y
      value: -0
      objectReference: {fileID: 0}
    - target: {fileID: 400000, guid: 73af7bc824cfc754994d51cf29bca826, type: 3}
      propertyPath: m_LocalRotation.z
      value: -0
      objectReference: {fileID: 0}
    - target: {fileID: 400000, guid: 73af7bc824cfc754994d51cf29bca826, type: 3}
      propertyPath: m_LocalRotation.w
      value: 1
      objectReference: {fileID: 0}
    - target: {fileID: 400000, guid: 73af7bc824cfc754994d51cf29bca826, type: 3}
      propertyPath: m_RootOrder
      value: 3
      objectReference: {fileID: 0}
    - target: {fileID: 400000, guid: 73af7bc824cfc754994d51cf29bca826, type: 3}
      propertyPath: m_LocalEulerAnglesHint.x
      value: -179.293
      objectReference: {fileID: 0}
    - target: {fileID: 400000, guid: 73af7bc824cfc754994d51cf29bca826, type: 3}
      propertyPath: m_LocalEulerAnglesHint.y
      value: -88.04999
      objectReference: {fileID: 0}
    - target: {fileID: 400000, guid: 73af7bc824cfc754994d51cf29bca826, type: 3}
      propertyPath: m_LocalEulerAnglesHint.z
      value: -0.000015258789
      objectReference: {fileID: 0}
    - target: {fileID: 2300000, guid: 73af7bc824cfc754994d51cf29bca826, type: 3}
      propertyPath: m_Materials.Array.data[0]
      value: 
      objectReference: {fileID: 2100000, guid: 9583d8c75bc4d6a4f99e1eab9f243444, type: 2}
    m_RemovedComponents: []
  m_SourcePrefab: {fileID: 100100000, guid: 73af7bc824cfc754994d51cf29bca826, type: 3}
--- !u!4 &5742194017592165668 stripped
Transform:
  m_CorrespondingSourceObject: {fileID: 400000, guid: 73af7bc824cfc754994d51cf29bca826,
    type: 3}
  m_PrefabInstance: {fileID: 5742194017592041380}
  m_PrefabAsset: {fileID: 0}
--- !u!1001 &5742194017810747349
PrefabInstance:
  m_ObjectHideFlags: 0
  serializedVersion: 2
  m_Modification:
    m_TransformParent: {fileID: 4765752050050626330}
    m_Modifications:
    - target: {fileID: 100000, guid: 78e2650221eeeb74f9cb581d18266ab4, type: 3}
      propertyPath: m_Name
      value: SM_BillyBook_08
      objectReference: {fileID: 0}
    - target: {fileID: 100000, guid: 78e2650221eeeb74f9cb581d18266ab4, type: 3}
      propertyPath: m_StaticEditorFlags
      value: 4294967295
      objectReference: {fileID: 0}
    - target: {fileID: 400000, guid: 78e2650221eeeb74f9cb581d18266ab4, type: 3}
      propertyPath: m_LocalPosition.x
      value: 0.06506516
      objectReference: {fileID: 0}
    - target: {fileID: 400000, guid: 78e2650221eeeb74f9cb581d18266ab4, type: 3}
      propertyPath: m_LocalPosition.y
      value: -0.16041407
      objectReference: {fileID: 0}
    - target: {fileID: 400000, guid: 78e2650221eeeb74f9cb581d18266ab4, type: 3}
      propertyPath: m_LocalPosition.z
      value: -0.045903824
      objectReference: {fileID: 0}
    - target: {fileID: 400000, guid: 78e2650221eeeb74f9cb581d18266ab4, type: 3}
      propertyPath: m_LocalRotation.x
      value: -0
      objectReference: {fileID: 0}
    - target: {fileID: 400000, guid: 78e2650221eeeb74f9cb581d18266ab4, type: 3}
      propertyPath: m_LocalRotation.y
      value: -0
      objectReference: {fileID: 0}
    - target: {fileID: 400000, guid: 78e2650221eeeb74f9cb581d18266ab4, type: 3}
      propertyPath: m_LocalRotation.z
      value: -0
      objectReference: {fileID: 0}
    - target: {fileID: 400000, guid: 78e2650221eeeb74f9cb581d18266ab4, type: 3}
      propertyPath: m_LocalRotation.w
      value: 1
      objectReference: {fileID: 0}
    - target: {fileID: 400000, guid: 78e2650221eeeb74f9cb581d18266ab4, type: 3}
      propertyPath: m_RootOrder
      value: 0
      objectReference: {fileID: 0}
    - target: {fileID: 400000, guid: 78e2650221eeeb74f9cb581d18266ab4, type: 3}
      propertyPath: m_LocalEulerAnglesHint.x
      value: -179.293
      objectReference: {fileID: 0}
    - target: {fileID: 400000, guid: 78e2650221eeeb74f9cb581d18266ab4, type: 3}
      propertyPath: m_LocalEulerAnglesHint.y
      value: -88.04999
      objectReference: {fileID: 0}
    - target: {fileID: 400000, guid: 78e2650221eeeb74f9cb581d18266ab4, type: 3}
      propertyPath: m_LocalEulerAnglesHint.z
      value: -0.000015258789
      objectReference: {fileID: 0}
    - target: {fileID: 2300000, guid: 78e2650221eeeb74f9cb581d18266ab4, type: 3}
      propertyPath: m_Materials.Array.data[0]
      value: 
      objectReference: {fileID: 2100000, guid: 9583d8c75bc4d6a4f99e1eab9f243444, type: 2}
    m_RemovedComponents: []
  m_SourcePrefab: {fileID: 100100000, guid: 78e2650221eeeb74f9cb581d18266ab4, type: 3}
--- !u!4 &5742194017810879829 stripped
Transform:
  m_CorrespondingSourceObject: {fileID: 400000, guid: 78e2650221eeeb74f9cb581d18266ab4,
    type: 3}
  m_PrefabInstance: {fileID: 5742194017810747349}
  m_PrefabAsset: {fileID: 0}
--- !u!1001 &5742194018493300240
PrefabInstance:
  m_ObjectHideFlags: 0
  serializedVersion: 2
  m_Modification:
    m_TransformParent: {fileID: 4765752050050626330}
    m_Modifications:
    - target: {fileID: 100000, guid: 6c08ef8310d0a684892816bf66798688, type: 3}
      propertyPath: m_Name
      value: SM_BillyBook_06
      objectReference: {fileID: 0}
    - target: {fileID: 100000, guid: 6c08ef8310d0a684892816bf66798688, type: 3}
      propertyPath: m_StaticEditorFlags
      value: 4294967295
      objectReference: {fileID: 0}
    - target: {fileID: 400000, guid: 6c08ef8310d0a684892816bf66798688, type: 3}
      propertyPath: m_LocalPosition.x
      value: 0
      objectReference: {fileID: 0}
    - target: {fileID: 400000, guid: 6c08ef8310d0a684892816bf66798688, type: 3}
      propertyPath: m_LocalPosition.y
      value: -0.19222587
      objectReference: {fileID: 0}
    - target: {fileID: 400000, guid: 6c08ef8310d0a684892816bf66798688, type: 3}
      propertyPath: m_LocalPosition.z
      value: 0.00176935
      objectReference: {fileID: 0}
    - target: {fileID: 400000, guid: 6c08ef8310d0a684892816bf66798688, type: 3}
      propertyPath: m_LocalRotation.x
      value: -0
      objectReference: {fileID: 0}
    - target: {fileID: 400000, guid: 6c08ef8310d0a684892816bf66798688, type: 3}
      propertyPath: m_LocalRotation.y
      value: -0
      objectReference: {fileID: 0}
    - target: {fileID: 400000, guid: 6c08ef8310d0a684892816bf66798688, type: 3}
      propertyPath: m_LocalRotation.z
      value: -0
      objectReference: {fileID: 0}
    - target: {fileID: 400000, guid: 6c08ef8310d0a684892816bf66798688, type: 3}
      propertyPath: m_LocalRotation.w
      value: 1
      objectReference: {fileID: 0}
    - target: {fileID: 400000, guid: 6c08ef8310d0a684892816bf66798688, type: 3}
      propertyPath: m_RootOrder
      value: 2
      objectReference: {fileID: 0}
    - target: {fileID: 400000, guid: 6c08ef8310d0a684892816bf66798688, type: 3}
      propertyPath: m_LocalEulerAnglesHint.x
      value: -179.293
      objectReference: {fileID: 0}
    - target: {fileID: 400000, guid: 6c08ef8310d0a684892816bf66798688, type: 3}
      propertyPath: m_LocalEulerAnglesHint.y
      value: -88.04999
      objectReference: {fileID: 0}
    - target: {fileID: 400000, guid: 6c08ef8310d0a684892816bf66798688, type: 3}
      propertyPath: m_LocalEulerAnglesHint.z
      value: -0.000015258789
      objectReference: {fileID: 0}
    - target: {fileID: 2300000, guid: 6c08ef8310d0a684892816bf66798688, type: 3}
      propertyPath: m_Materials.Array.data[0]
      value: 
      objectReference: {fileID: 2100000, guid: 9583d8c75bc4d6a4f99e1eab9f243444, type: 2}
    m_RemovedComponents: []
  m_SourcePrefab: {fileID: 100100000, guid: 6c08ef8310d0a684892816bf66798688, type: 3}
--- !u!4 &5742194018493424784 stripped
Transform:
  m_CorrespondingSourceObject: {fileID: 400000, guid: 6c08ef8310d0a684892816bf66798688,
    type: 3}
  m_PrefabInstance: {fileID: 5742194018493300240}
  m_PrefabAsset: {fileID: 0}
--- !u!1001 &5742194018881833261
PrefabInstance:
  m_ObjectHideFlags: 0
  serializedVersion: 2
  m_Modification:
    m_TransformParent: {fileID: 4765752050050626330}
    m_Modifications:
    - target: {fileID: 100000, guid: 73af7bc824cfc754994d51cf29bca826, type: 3}
      propertyPath: m_Name
      value: SM_BillyBook_05 (1)
      objectReference: {fileID: 0}
    - target: {fileID: 400000, guid: 73af7bc824cfc754994d51cf29bca826, type: 3}
      propertyPath: m_LocalPosition.x
      value: 0.042677052
      objectReference: {fileID: 0}
    - target: {fileID: 400000, guid: 73af7bc824cfc754994d51cf29bca826, type: 3}
      propertyPath: m_LocalPosition.y
      value: -0.1338615
      objectReference: {fileID: 0}
    - target: {fileID: 400000, guid: 73af7bc824cfc754994d51cf29bca826, type: 3}
      propertyPath: m_LocalPosition.z
      value: -0.1437992
      objectReference: {fileID: 0}
    - target: {fileID: 400000, guid: 73af7bc824cfc754994d51cf29bca826, type: 3}
      propertyPath: m_LocalRotation.x
      value: -0.13607644
      objectReference: {fileID: 0}
    - target: {fileID: 400000, guid: 73af7bc824cfc754994d51cf29bca826, type: 3}
      propertyPath: m_LocalRotation.y
      value: 0.000057153666
      objectReference: {fileID: 0}
    - target: {fileID: 400000, guid: 73af7bc824cfc754994d51cf29bca826, type: 3}
      propertyPath: m_LocalRotation.z
      value: 0.0046327338
      objectReference: {fileID: 0}
    - target: {fileID: 400000, guid: 73af7bc824cfc754994d51cf29bca826, type: 3}
      propertyPath: m_LocalRotation.w
      value: 0.99068755
      objectReference: {fileID: 0}
    - target: {fileID: 400000, guid: 73af7bc824cfc754994d51cf29bca826, type: 3}
      propertyPath: m_RootOrder
      value: 4
      objectReference: {fileID: 0}
    - target: {fileID: 400000, guid: 73af7bc824cfc754994d51cf29bca826, type: 3}
      propertyPath: m_LocalEulerAnglesHint.x
      value: -194.934
      objectReference: {fileID: 0}
    - target: {fileID: 400000, guid: 73af7bc824cfc754994d51cf29bca826, type: 3}
      propertyPath: m_LocalEulerAnglesHint.y
      value: -87.981995
      objectReference: {fileID: 0}
    - target: {fileID: 400000, guid: 73af7bc824cfc754994d51cf29bca826, type: 3}
      propertyPath: m_LocalEulerAnglesHint.z
      value: 0.5439911
      objectReference: {fileID: 0}
    - target: {fileID: 400000, guid: 73af7bc824cfc754994d51cf29bca826, type: 3}
      propertyPath: m_LocalScale.x
      value: 0.9999895
      objectReference: {fileID: 0}
    - target: {fileID: 400000, guid: 73af7bc824cfc754994d51cf29bca826, type: 3}
      propertyPath: m_LocalScale.y
      value: 0.98150486
      objectReference: {fileID: 0}
    - target: {fileID: 400000, guid: 73af7bc824cfc754994d51cf29bca826, type: 3}
      propertyPath: m_LocalScale.z
      value: 1.0248276
      objectReference: {fileID: 0}
    - target: {fileID: 2300000, guid: 73af7bc824cfc754994d51cf29bca826, type: 3}
      propertyPath: m_Materials.Array.data[0]
      value: 
      objectReference: {fileID: 2100000, guid: 9583d8c75bc4d6a4f99e1eab9f243444, type: 2}
    m_RemovedComponents: []
  m_SourcePrefab: {fileID: 100100000, guid: 73af7bc824cfc754994d51cf29bca826, type: 3}
--- !u!4 &5742194018881967021 stripped
Transform:
  m_CorrespondingSourceObject: {fileID: 400000, guid: 73af7bc824cfc754994d51cf29bca826,
    type: 3}
  m_PrefabInstance: {fileID: 5742194018881833261}
  m_PrefabAsset: {fileID: 0}
--- !u!1001 &5742194019067818986
PrefabInstance:
  m_ObjectHideFlags: 0
  serializedVersion: 2
  m_Modification:
    m_TransformParent: {fileID: 4765752050050626330}
    m_Modifications:
    - target: {fileID: 100000, guid: 05c850115916f4a489c4ef15cbafcce8, type: 3}
      propertyPath: m_Name
      value: SM_BillyBook_07
      objectReference: {fileID: 0}
    - target: {fileID: 100000, guid: 05c850115916f4a489c4ef15cbafcce8, type: 3}
      propertyPath: m_StaticEditorFlags
      value: 4294967295
      objectReference: {fileID: 0}
    - target: {fileID: 400000, guid: 05c850115916f4a489c4ef15cbafcce8, type: 3}
      propertyPath: m_LocalPosition.x
      value: 0.009265416
      objectReference: {fileID: 0}
    - target: {fileID: 400000, guid: 05c850115916f4a489c4ef15cbafcce8, type: 3}
      propertyPath: m_LocalPosition.y
      value: -0.12889889
      objectReference: {fileID: 0}
    - target: {fileID: 400000, guid: 05c850115916f4a489c4ef15cbafcce8, type: 3}
      propertyPath: m_LocalPosition.z
      value: -0.08719127
      objectReference: {fileID: 0}
    - target: {fileID: 400000, guid: 05c850115916f4a489c4ef15cbafcce8, type: 3}
      propertyPath: m_LocalRotation.x
      value: -0
      objectReference: {fileID: 0}
    - target: {fileID: 400000, guid: 05c850115916f4a489c4ef15cbafcce8, type: 3}
      propertyPath: m_LocalRotation.y
      value: -0
      objectReference: {fileID: 0}
    - target: {fileID: 400000, guid: 05c850115916f4a489c4ef15cbafcce8, type: 3}
      propertyPath: m_LocalRotation.z
      value: -0
      objectReference: {fileID: 0}
    - target: {fileID: 400000, guid: 05c850115916f4a489c4ef15cbafcce8, type: 3}
      propertyPath: m_LocalRotation.w
      value: 1
      objectReference: {fileID: 0}
    - target: {fileID: 400000, guid: 05c850115916f4a489c4ef15cbafcce8, type: 3}
      propertyPath: m_RootOrder
      value: 1
      objectReference: {fileID: 0}
    - target: {fileID: 400000, guid: 05c850115916f4a489c4ef15cbafcce8, type: 3}
      propertyPath: m_LocalEulerAnglesHint.x
      value: -179.293
      objectReference: {fileID: 0}
    - target: {fileID: 400000, guid: 05c850115916f4a489c4ef15cbafcce8, type: 3}
      propertyPath: m_LocalEulerAnglesHint.y
      value: -88.04999
      objectReference: {fileID: 0}
    - target: {fileID: 400000, guid: 05c850115916f4a489c4ef15cbafcce8, type: 3}
      propertyPath: m_LocalEulerAnglesHint.z
      value: -0.000015258789
      objectReference: {fileID: 0}
    - target: {fileID: 2300000, guid: 05c850115916f4a489c4ef15cbafcce8, type: 3}
      propertyPath: m_Materials.Array.data[0]
      value: 
      objectReference: {fileID: 2100000, guid: 9583d8c75bc4d6a4f99e1eab9f243444, type: 2}
    m_RemovedComponents: []
  m_SourcePrefab: {fileID: 100100000, guid: 05c850115916f4a489c4ef15cbafcce8, type: 3}
--- !u!4 &5742194019068209514 stripped
Transform:
  m_CorrespondingSourceObject: {fileID: 400000, guid: 05c850115916f4a489c4ef15cbafcce8,
    type: 3}
  m_PrefabInstance: {fileID: 5742194019067818986}
  m_PrefabAsset: {fileID: 0}
