%YAML 1.1
%TAG !u! tag:unity3d.com,2011:
--- !u!1 &1504670766811504034
GameObject:
  m_ObjectHideFlags: 0
  m_CorrespondingSourceObject: {fileID: 0}
  m_PrefabInstance: {fileID: 0}
  m_PrefabAsset: {fileID: 0}
  serializedVersion: 6
  m_Component:
  - component: {fileID: 7647171291671651898}
  - component: {fileID: 7030077424930734197}
  - component: {fileID: 2565022786545122909}
  - component: {fileID: 9190772536572426113}
  m_Layer: 0
  m_Name: Cube
  m_TagString: Untagged
  m_Icon: {fileID: 0}
  m_NavMeshLayer: 0
  m_StaticEditorFlags: 0
  m_IsActive: 1
--- !u!4 &7647171291671651898
Transform:
  m_ObjectHideFlags: 0
  m_CorrespondingSourceObject: {fileID: 0}
  m_PrefabInstance: {fileID: 0}
  m_PrefabAsset: {fileID: 0}
  m_GameObject: {fileID: 1504670766811504034}
  m_LocalRotation: {x: -0, y: -0, z: -0, w: 1}
  m_LocalPosition: {x: 3.5921721, y: 53.933613, z: -68.18586}
  m_LocalScale: {x: 1.6765, y: 1.6765, z: 1.6765}
  m_Children: []
  m_Father: {fileID: 5469552039120522224}
  m_RootOrder: 2
  m_LocalEulerAnglesHint: {x: 0, y: 0, z: 0}
--- !u!33 &7030077424930734197
MeshFilter:
  m_ObjectHideFlags: 0
  m_CorrespondingSourceObject: {fileID: 0}
  m_PrefabInstance: {fileID: 0}
  m_PrefabAsset: {fileID: 0}
  m_GameObject: {fileID: 1504670766811504034}
  m_Mesh: {fileID: 10202, guid: 0000000000000000e000000000000000, type: 0}
--- !u!23 &2565022786545122909
MeshRenderer:
  m_ObjectHideFlags: 0
  m_CorrespondingSourceObject: {fileID: 0}
  m_PrefabInstance: {fileID: 0}
  m_PrefabAsset: {fileID: 0}
  m_GameObject: {fileID: 1504670766811504034}
  m_Enabled: 1
  m_CastShadows: 1
  m_ReceiveShadows: 1
  m_DynamicOccludee: 1
  m_MotionVectors: 1
  m_LightProbeUsage: 1
  m_ReflectionProbeUsage: 1
  m_RenderingLayerMask: 1
  m_RendererPriority: 0
  m_Materials:
  - {fileID: 2100000, guid: 1f4bdcd5653ce2742a20dff632b5dde9, type: 2}
  m_StaticBatchInfo:
    firstSubMesh: 0
    subMeshCount: 0
  m_StaticBatchRoot: {fileID: 0}
  m_ProbeAnchor: {fileID: 0}
  m_LightProbeVolumeOverride: {fileID: 0}
  m_ScaleInLightmap: 1
  m_PreserveUVs: 0
  m_IgnoreNormalsForChartDetection: 0
  m_ImportantGI: 0
  m_StitchLightmapSeams: 0
  m_SelectedEditorRenderState: 3
  m_MinimumChartSize: 4
  m_AutoUVMaxDistance: 0.5
  m_AutoUVMaxAngle: 89
  m_LightmapParameters: {fileID: 0}
  m_SortingLayerID: 0
  m_SortingLayer: 0
  m_SortingOrder: 0
--- !u!65 &9190772536572426113
BoxCollider:
  m_ObjectHideFlags: 0
  m_CorrespondingSourceObject: {fileID: 0}
  m_PrefabInstance: {fileID: 0}
  m_PrefabAsset: {fileID: 0}
  m_GameObject: {fileID: 1504670766811504034}
  m_Material: {fileID: 0}
  m_IsTrigger: 0
  m_Enabled: 1
  serializedVersion: 2
  m_Size: {x: 1, y: 1, z: 1}
  m_Center: {x: 0, y: 0, z: 0}
--- !u!1 &4029845269998746000
GameObject:
  m_ObjectHideFlags: 0
  m_CorrespondingSourceObject: {fileID: 0}
  m_PrefabInstance: {fileID: 0}
  m_PrefabAsset: {fileID: 0}
  serializedVersion: 6
  m_Component:
  - component: {fileID: 5469552039120522224}
  m_Layer: 0
  m_Name: jack_in_the_box
  m_TagString: Untagged
  m_Icon: {fileID: 0}
  m_NavMeshLayer: 0
  m_StaticEditorFlags: 0
  m_IsActive: 1
--- !u!4 &5469552039120522224
Transform:
  m_ObjectHideFlags: 0
  m_CorrespondingSourceObject: {fileID: 0}
  m_PrefabInstance: {fileID: 0}
  m_PrefabAsset: {fileID: 0}
  m_GameObject: {fileID: 4029845269998746000}
  m_LocalRotation: {x: 0, y: 0, z: 0, w: 1}
  m_LocalPosition: {x: -3.5721722, y: -52.733612, z: 68.16586}
  m_LocalScale: {x: 1, y: 1, z: 1}
  m_Children:
  - {fileID: 519149696856616477}
  - {fileID: 8252395541336789681}
  - {fileID: 7647171291671651898}
  m_Father: {fileID: 0}
  m_RootOrder: 0
  m_LocalEulerAnglesHint: {x: 0, y: 0, z: 0}
--- !u!1001 &519149696856749213
PrefabInstance:
  m_ObjectHideFlags: 0
  serializedVersion: 2
  m_Modification:
    m_TransformParent: {fileID: 5469552039120522224}
    m_Modifications:
    - target: {fileID: 100000, guid: b67937c1647a9cc40b72f3cb39affd6a, type: 3}
      propertyPath: m_Name
      value: ShackoBox00
      objectReference: {fileID: 0}
    - target: {fileID: 400000, guid: b67937c1647a9cc40b72f3cb39affd6a, type: 3}
      propertyPath: m_LocalPosition.x
      value: 3.5721722
      objectReference: {fileID: 0}
    - target: {fileID: 400000, guid: b67937c1647a9cc40b72f3cb39affd6a, type: 3}
      propertyPath: m_LocalPosition.y
      value: 54.97
      objectReference: {fileID: 0}
    - target: {fileID: 400000, guid: b67937c1647a9cc40b72f3cb39affd6a, type: 3}
      propertyPath: m_LocalPosition.z
      value: -68.17
      objectReference: {fileID: 0}
    - target: {fileID: 400000, guid: b67937c1647a9cc40b72f3cb39affd6a, type: 3}
      propertyPath: m_LocalRotation.x
      value: -0.7071068
      objectReference: {fileID: 0}
    - target: {fileID: 400000, guid: b67937c1647a9cc40b72f3cb39affd6a, type: 3}
      propertyPath: m_LocalRotation.y
      value: -0
      objectReference: {fileID: 0}
    - target: {fileID: 400000, guid: b67937c1647a9cc40b72f3cb39affd6a, type: 3}
      propertyPath: m_LocalRotation.z
      value: -0
      objectReference: {fileID: 0}
    - target: {fileID: 400000, guid: b67937c1647a9cc40b72f3cb39affd6a, type: 3}
      propertyPath: m_LocalRotation.w
      value: 0.7071067
      objectReference: {fileID: 0}
    - target: {fileID: 400000, guid: b67937c1647a9cc40b72f3cb39affd6a, type: 3}
      propertyPath: m_RootOrder
      value: 0
      objectReference: {fileID: 0}
    - target: {fileID: 400000, guid: b67937c1647a9cc40b72f3cb39affd6a, type: 3}
      propertyPath: m_LocalEulerAnglesHint.x
      value: 0
      objectReference: {fileID: 0}
    - target: {fileID: 400000, guid: b67937c1647a9cc40b72f3cb39affd6a, type: 3}
      propertyPath: m_LocalEulerAnglesHint.y
      value: 0
      objectReference: {fileID: 0}
    - target: {fileID: 400000, guid: b67937c1647a9cc40b72f3cb39affd6a, type: 3}
      propertyPath: m_LocalEulerAnglesHint.z
      value: 0
      objectReference: {fileID: 0}
    - target: {fileID: 400000, guid: b67937c1647a9cc40b72f3cb39affd6a, type: 3}
      propertyPath: m_LocalScale.y
      value: 33.246548
      objectReference: {fileID: 0}
    - target: {fileID: 400000, guid: b67937c1647a9cc40b72f3cb39affd6a, type: 3}
      propertyPath: m_LocalScale.z
      value: 33.246548
      objectReference: {fileID: 0}
    - target: {fileID: 2300000, guid: b67937c1647a9cc40b72f3cb39affd6a, type: 3}
      propertyPath: m_Materials.Array.data[0]
      value: 
      objectReference: {fileID: 2100000, guid: 4ef28dbe7edb572459e4339ac8d244f3, type: 2}
    m_RemovedComponents: []
  m_SourcePrefab: {fileID: 100100000, guid: b67937c1647a9cc40b72f3cb39affd6a, type: 3}
--- !u!4 &519149696856616477 stripped
Transform:
  m_CorrespondingSourceObject: {fileID: 400000, guid: b67937c1647a9cc40b72f3cb39affd6a,
    type: 3}
  m_PrefabInstance: {fileID: 519149696856749213}
  m_PrefabAsset: {fileID: 0}
--- !u!1001 &8252395541336655925
PrefabInstance:
  m_ObjectHideFlags: 0
  serializedVersion: 2
  m_Modification:
    m_TransformParent: {fileID: 5469552039120522224}
    m_Modifications:
    - target: {fileID: 100004, guid: d319d2bf88395ad44b113015117c7a4f, type: 3}
      propertyPath: m_Name
      value: cube00
      objectReference: {fileID: 0}
    - target: {fileID: 400004, guid: d319d2bf88395ad44b113015117c7a4f, type: 3}
      propertyPath: m_LocalPosition.x
      value: 3.5721722
      objectReference: {fileID: 0}
    - target: {fileID: 400004, guid: d319d2bf88395ad44b113015117c7a4f, type: 3}
      propertyPath: m_LocalPosition.y
      value: 53.733612
      objectReference: {fileID: 0}
    - target: {fileID: 400004, guid: d319d2bf88395ad44b113015117c7a4f, type: 3}
      propertyPath: m_LocalPosition.z
      value: -68.16586
      objectReference: {fileID: 0}
    - target: {fileID: 400004, guid: d319d2bf88395ad44b113015117c7a4f, type: 3}
      propertyPath: m_LocalRotation.x
      value: -0.7071068
      objectReference: {fileID: 0}
    - target: {fileID: 400004, guid: d319d2bf88395ad44b113015117c7a4f, type: 3}
      propertyPath: m_LocalRotation.y
      value: -0
      objectReference: {fileID: 0}
    - target: {fileID: 400004, guid: d319d2bf88395ad44b113015117c7a4f, type: 3}
      propertyPath: m_LocalRotation.z
      value: -0
      objectReference: {fileID: 0}
    - target: {fileID: 400004, guid: d319d2bf88395ad44b113015117c7a4f, type: 3}
      propertyPath: m_LocalRotation.w
      value: 0.7071067
      objectReference: {fileID: 0}
    - target: {fileID: 400004, guid: d319d2bf88395ad44b113015117c7a4f, type: 3}
      propertyPath: m_RootOrder
      value: 1
      objectReference: {fileID: 0}
    - target: {fileID: 400004, guid: d319d2bf88395ad44b113015117c7a4f, type: 3}
      propertyPath: m_LocalEulerAnglesHint.x
      value: 0
      objectReference: {fileID: 0}
    - target: {fileID: 400004, guid: d319d2bf88395ad44b113015117c7a4f, type: 3}
      propertyPath: m_LocalEulerAnglesHint.y
      value: 0
      objectReference: {fileID: 0}
    - target: {fileID: 400004, guid: d319d2bf88395ad44b113015117c7a4f, type: 3}
      propertyPath: m_LocalEulerAnglesHint.z
      value: 0
      objectReference: {fileID: 0}
    - target: {fileID: 400004, guid: d319d2bf88395ad44b113015117c7a4f, type: 3}
      propertyPath: m_LocalScale.y
      value: 99.99997
      objectReference: {fileID: 0}
    - target: {fileID: 400004, guid: d319d2bf88395ad44b113015117c7a4f, type: 3}
      propertyPath: m_LocalScale.z
      value: 99.99997
      objectReference: {fileID: 0}
    - target: {fileID: 2300004, guid: d319d2bf88395ad44b113015117c7a4f, type: 3}
      propertyPath: m_Materials.Array.data[0]
      value: 
      objectReference: {fileID: 2100000, guid: ac2b1fc7b4335b5468c3157ebca1e78e, type: 2}
    m_RemovedComponents: []
  m_SourcePrefab: {fileID: 100100000, guid: d319d2bf88395ad44b113015117c7a4f, type: 3}
--- !u!4 &8252395541336789681 stripped
Transform:
  m_CorrespondingSourceObject: {fileID: 400004, guid: d319d2bf88395ad44b113015117c7a4f,
    type: 3}
  m_PrefabInstance: {fileID: 8252395541336655925}
  m_PrefabAsset: {fileID: 0}
